<?xml version="1.0" encoding="UTF-8"?><collection xmlns="http://www.loc.gov/MARC21/slim"><record><leader>00398nam--2200133-i-4500</leader><controlfield tag="001">000024537</controlfield><controlfield tag="002">20161230</controlfield><controlfield tag="005">20161230201035</controlfield><controlfield tag="008">060222s1000------------r-----000-0-eng-d</controlfield><datafield ind1=" " ind2=" " tag="080"><subfield code="a">621.039.524.4</subfield></datafield><datafield ind1=" " ind2=" " tag="245"><subfield code="a">Experimental investigations of the physical properties of wwer-type uranium water lattices</subfield></datafield><datafield ind1=" " ind2=" " tag="260"><subfield code="a">Budapest, Akademiai Kiado, 1985. 578p</subfield></datafield><datafield ind1=" " ind2=" " tag="490"><subfield code="a">Final Report Of Tic</subfield></datafield><datafield ind1=" " ind2=" " tag="852"><subfield code="a">72995</subfield></datafield></record></collection>